@article{EinsteinRosen1935a,
  author       = {Einstein, A. and Rosen, N.},
  date         = 1935,
  title        = {The particle problem in the general theory of
    relativity},
  volume       = 48,
  doi          = {10.1103/PhysRev.48.73},
  language     = {en},
  journal      = {Physica Review},
  number       = 1,
  year         = 1935,
}
